<?xml version="1.0" encoding="UTF-8"?><collection xmlns="http://www.loc.gov/MARC21/slim"><record><leader>00667nam--2200181-i-4500</leader><controlfield tag="001">000043369</controlfield><controlfield tag="002">20161230</controlfield><controlfield tag="005">20161230201044</controlfield><controlfield tag="008">060222s1000------------r-----000-0-eng-d</controlfield><datafield ind1=" " ind2=" " tag="040"><subfield code="a">IFIN-HH</subfield></datafield><datafield ind1=" " ind2=" " tag="080"><subfield code="a">537.533.35:621.385.833</subfield></datafield><datafield ind1="1" ind2=" " tag="110"><subfield code="a">American Society For Testing And Materials</subfield></datafield><datafield ind1="1" ind2="0" tag="245"><subfield code="a">Symposium on techniques for electron metallography</subfield><subfield code="b">Presented at the fifty-sixth annual meeting of the american socciety for testing materials atlantic city, n.j., june 30, 1953</subfield></datafield><datafield ind1=" " ind2=" " tag="260"><subfield code="a">Baltimore</subfield><subfield code="b">Astm</subfield><subfield code="c">1954</subfield></datafield><datafield ind1=" " ind2=" " tag="300"><subfield code="a">IV + 144 P.+ FIG</subfield></datafield><datafield ind1=" " ind2=" " tag="490"><subfield code="a">Astm Special Technical Publication</subfield><subfield code="v">No.155</subfield></datafield><datafield ind1=" " ind2=" " tag="852"><subfield code="a">12103</subfield><subfield code="c">537.533.35</subfield></datafield><datafield ind1=" " ind2=" " tag="CAT"><subfield code="a">Sys</subfield><subfield code="c">20110902</subfield><subfield code="h">092941</subfield></datafield></record></collection>